@book{eisenbud2013commutative,
	title={Commutative Algebra: with a View Toward Algebraic Geometry},
	author={Eisenbud, D.},
	isbn={9781461253501},
	series={Graduate Texts in Mathematics},
	url={https://books.google.co.in/books?id=xDwmBQAAQBAJ},
	year={2013},
	publisher={Springer New York}
}
@book{matsumura_1987, place={Cambridge}, series={Cambridge Studies in Advanced Mathematics}, title={Commutative Ring Theory}, DOI={10.1017/CBO9781139171762}, publisher={Cambridge University Press}, author={Matsumura, H.}, year={1987}, collection={Cambridge Studies in Advanced Mathematics}}

@book{Awodey,
	address = {Oxford, England},
	author = {Steve Awodey},
	publisher = {Oxford University Press},
	title = {Category Theory, 2nd Edition},
	year = {2010}
}

@misc{nlab:quillen-suslin_theorem,
	author = {{nLab authors}},
	title = {{{Q}}uillen-{{S}}uslin theorem},
	howpublished = {\url{https://ncatlab.org/nlab/show/Quillen-Suslin+theorem}},
	note = {\href{https://ncatlab.org/nlab/revision/Quillen-Suslin+theorem/3}{Revision 3}},
	month = nov,
	year = 2023
}
@book{lang02,
	added-at = {2015-09-12T14:13:44.000+0200},
	address = {New York, NY},
	author = {Lang, Serge},
	biburl = {https://www.bibsonomy.org/bibtex/2a29d0a9dddd526d758757cd99a8609fc/ytyoun},
	interhash = {2575569df400d3a9e85814b5e2397c11},
	intrahash = {a29d0a9dddd526d758757cd99a8609fc},
	isbn = {9781461300410 146130041X},
	keywords = {textbook},
	publisher = {Springer},
	refid = {852792828},
	timestamp = {2015-09-12T14:14:10.000+0200},
	title = {Algebra},
	year = 2002
}

@misc{garner2015enriched,
	title={Enriched categories as a free cocompletion}, 
	author={Richard Garner and Michael Shulman},
	year={2015},
	eprint={1301.3191},
	archivePrefix={arXiv},
	primaryClass={math.CT}
}

@book{riehl_2014, place={Cambridge}, series={New Mathematical Monographs}, title={Categorical Homotopy Theory}, DOI={10.1017/CBO9781107261457}, publisher={Cambridge University Press}, author={Riehl, Emily}, year={2014}, collection={New Mathematical Monographs}}

@book{lane1998categories,
	title={Categories for the Working Mathematician},
	author={Lane, S.M.},
	isbn={9780387984032},
	lccn={97045229},
	series={Graduate Texts in Mathematics},
	url={https://books.google.co.in/books?id=MXboNPdTv7QC},
	year={1998},
	publisher={Springer}
}
@misc{nlab:hom-functor,
	author = {{nLab authors}},
	title = {hom-functor},
	howpublished = {\url{https://ncatlab.org/nlab/show/hom-functor}},
	note = {\href{https://ncatlab.org/nlab/revision/hom-functor/23}{Revision 23}},
	month = nov,
	year = 2023
}
@misc{nlab:braided_monoidal_category,
	author = {{nLab authors}},
	title = {braided monoidal category},
	howpublished = {\url{https://ncatlab.org/nlab/show/braided+monoidal+category}},
	note = {\href{https://ncatlab.org/nlab/revision/braided+monoidal+category/51}{Revision 51}},
	month = nov,
	year = 2023
}

@book{lam2012lectures,
	title={Lectures on Modules and Rings},
	author={Lam, T.Y.},
	isbn={9781461205258},
	lccn={98018389},
	series={Graduate Texts in Mathematics},
	url={https://books.google.co.in/books?id=6iLUBwAAQBAJ},
	year={2012},
	publisher={Springer New York}
}

@book{hatcher,
	author = {Hatcher, Allen},
	publisher = {Cambridge University Press},
	timestamp = {2011-11-11T03:25:59.000+0100},
	title = {Algebraic topology},
	year = 2002
}
@article{grothendieck1957quelques,
	title={Sur quelques points d'alg{\`e}bre homologique},
	author={Grothendieck, Alexandre},
	journal={Tohoku Mathematical Journal, Second Series},
	volume={9},
	number={2},
	pages={119--183},
	year={1957},
	publisher={Mathematical Institute, Tohoku University}
}
@misc{stacks1,
	author       = {The {Stacks project authors}},
	title        = {The Stacks project},
	howpublished = {\url{https://stacks.math.columbia.edu}},
	year         = {2023},
}

